@article{wei2022chain,
  author = {Wei, Jason and Wang, Xuezhi and Schuurmans, Dale and Bosma, Maarten and Ichter, Brian and Xia, Fei and Chi, Ed H and Le, Quoc and Zhou, Denny},
  title = {Chain of Thought Prompting Elicits Reasoning in Large Language Models},
  journal = {arXiv preprint arXiv:2201.11903},
  year = {2022},
  volume = {1},
  number = {1},
  pages = {1--10}
}
@article{kojima2022zero,
  title        = {Large Language Models are Zero‑Shot Reasoners},
  author       = {Kojima, Takeshi and Gu, Shixiang Shane and Reid, Machel and Matsuo, Yutaka and Iwasawa, Yusuke},
  journal      = {arXiv preprint arXiv:2205.11916},
  year         = {2022},
  eprint       = {2205.11916},
  archivePrefix= {arXiv},
  primaryClass = {cs.CL}
}
@misc{cotcollection2022,
  title        = {CoT-Collection: Chain-of-Thought Reasoning Datasets},
  author       = {Park, Sae-Chul and Lee, Dongmin and Shin, Richard},
  year         = {2022},
  howpublished = {\url{https://huggingface.co/datasets/kaist-ai/CoT-Collection}},
  note         = {Accessed: 2025-07-31}
}
@article{lewis2020retrieval,
  title        = {Retrieval‑Augmented Generation for Knowledge‑Intensive NLP Tasks},
  author       = {Lewis, Patrick and Perez, Ethan and Piktus, Aleksandra and Petroni, Fabio and Karpukhin, Vladimir and Goyal, Naman and Küttler, Heinrich and Lewis, Mike and Yih, Wen‑tau and Rocktäschel, Tim and Riedel, Sebastian and Kiela, Douwe},
  journal      = {arXiv preprint arXiv:2005.11401},
  year         = {2020},
  eprint       = {2005.11401},
  archivePrefix= {arXiv},
  primaryClass = {cs.CL},
  month        = {May},
  note         = {accepted at NeurIPS 2020}
}
